
@misc{htmlgameengines,
title = {{HTML}5 {G}ame {E}ngines},
howpublished = "\url{http://html5gameengine.com/}",
}

@misc{sdlnettutorial,
title = {{SDL}.{NET} {T}utorial by example},
author = {Egon A. Rath},
year = {2008},
howpublished = "\url{http://www.matrix44.net/old/sdl/sdlnet.html}",
}

@misc{mozillawiki,
title = {{M}ozilla {O}pen {B}adges {I}nfrastructure, {M}ozilla{W}iki},
howpublished = "\url{https://wiki.mozilla.org/Badges/Onboarding-Issuer}",
}

@misc{versioncontrol,
title = {{V}ersion control concepts and best practices},
author = {Michael Ernst},
year = {2013},
howpublished = "\url{https://homes.cs.washington.edu/~mernst/advice/version-control.html}",
}

@misc{socketiocomparison,
title = {{B}enchmarking {S}ocket.{IO} vs. {L}ightstreamer with {N}ode.js},
author = {Simone Fabiano},
year = {2013},
howpublished = "\url{http://blog.lightstreamer.com/2013/05/benchmarking-socketio-vs-lightstreamer.html}",
}

@misc{cuslwinner,
title = {{D}os universitarios desarrollan un programa para aprender japon'es},
author = {Andrea G. Parra},
year = {2014},
howpublished = "\url{www.ideal.es/miugr/noticias/universitarios-desarrollan-programa-para-201405090001.html}",
}
